Account Name       :                	Mr. SATYA SRINIVASA RAVI BABU  MALLA
Address            :	FLAT 406, MARVEL APARTMENT
                                    	BHAGYA LAKSHMI NAGAR II
                                    	SUDHARSHAN NAGAR LINGAMPALLY HYDERABAD-500019
                                    	RANGA REDDY
Date               :                	20 Nov 2025
Account Number     :	_00000020195170413
Account Description:	SBCHQ-SGSP-PUBIND-PLATINUM-INR
Branch             :	KOTHAGUDA, HYDERABAD
Drawing Power      :	0.00
Interest Rate(% p.a.):	2.5
MOD Balance      :	5,85,631.00
CIF No.          :	_86991116257
IFS (Indian Financial System) Code         :	SBIN0015916
CKYCR Number          :	
MICR (Magnetic Ink Character Recognition)  Code        :	_500002197
Nomination Registered    :	Yes 
Balance on 1 Oct 2025        :	188.99
Start Date          :	1 Oct 2025
End Date            :	20 Nov 2025
Txn Date	Value Date	Description	Ref No./Cheque No.	        Debit	Credit	Balance	
1 Oct 2025	1 Oct 2025	   BY TRANSFER-NEFT*RBIS0GOAPEP*RBISH00045361974*Andhra Pradesh T--	TRANSFER FROM 99509044300	 	93,948.00	94,136.99
3 Oct 2025	3 Oct 2025	   TO TRANSFER-UPI/DR/527654773832/shobhama/KKBK/shobhamall/UPI--	TRANSFER TO 4897695162091	40,000.00	 	54,136.99
3 Oct 2025	3 Oct 2025	   TO TRANSFER-UPI/DR/885835630425/SUDARSHA/HDFC/sudarshann/Payme--	TRANSFER TO 4897695162091	217.00	 	53,919.99
3 Oct 2025	3 Oct 2025	   TO TRANSFER-UPI/DR/643069053408/THREE SI/UTIB/gpay-11262/Payme--	TRANSFER TO 4897695162091	264.00	 	53,655.99
4 Oct 2025	4 Oct 2025	   TO TRANSFER-UPI/DR/265793625180/Mr  MANG/FDRL/BHARATPE.9/Pay t--	TRANSFER TO 4897696162090	300.00	 	53,355.99
5 Oct 2025	5 Oct 2025	   ATM WDL-ATM CASH 527807019643 +LINGAMPALLY           HYDER--		5,000.00	 	48,355.99
7 Oct 2025	7 Oct 2025	   TO TRANSFER-UPI/DR/564602068121/SBI CARDS/HDFC/billdeskpg/Pay--	TRANSFER TO 4897692162094	6,275.00	 	42,080.99
8 Oct 2025	8 Oct 2025	   TO TRANSFER-UPI/DR/271886931828/Good tim/YESB/Q112078757/Payme--	TRANSFER TO 4897693162093	740.00	 	41,340.99
9 Oct 2025	9 Oct 2025	   TO TRANSFER-UPI/DR/245435072383/KUMMARI /SBIN/8247071466/Payme--	TRANSFER TO 4897694162092	174.00	 	41,166.99
9 Oct 2025	9 Oct 2025	   TO TRANSFER-UPI/DR/257614408521/RAVIKUMA/IBKL/9703598777/Payme--	TRANSFER TO 4897694162092	600.00	 	40,566.99
10 Oct 2025	10 Oct 2025	   TO TRANSFER-UPI/DR/899451372529/BHARGAVI/UBIN/varaprasad/Payme--	TRANSFER TO 4897695162091	1,470.00	 	39,096.99
10 Oct 2025	10 Oct 2025	   DEBIT-ACHDr HDFC01651000012196 HDFC BANK LTD--		26,797.00	 	12,299.99
11 Oct 2025	11 Oct 2025	   TO TRANSFER-UPI/DR/681304109569/Mr JAGAD/YESB/Q555033193/Payme--	TRANSFER TO 4897696162090	190.00	 	12,109.99
11 Oct 2025	11 Oct 2025	   ATM WDL-ATM CASH 528421007304 BOMMURU                E GOD--		2,000.00	 	10,109.99
12 Oct 2025	12 Oct 2025	   TO TRANSFER-UPI/DR/312827513870/APSRTC/UTIB/APSRTCOFFL/Payment--	TRANSFER TO 4897690162095	240.00	 	9,869.99
12 Oct 2025	12 Oct 2025	   TO TRANSFER-UPI/DR/225493825466/PEDDIRED/ICIC/satish6271/Payme--	TRANSFER TO 4897690162095	700.00	 	9,169.99
12 Oct 2025	12 Oct 2025	   TO TRANSFER-UPI/DR/619972637300/CHOUTA  /SBIN/6301583764/Payme--	TRANSFER TO 4897690162095	185.00	 	8,984.99
13 Oct 2025	13 Oct 2025	   TO TRANSFER-UPI/DR/709127025985/SUDARSHA/HDFC/sudarshann/Payme--	TRANSFER TO 4897691162095	170.00	 	8,814.99
16 Oct 2025	16 Oct 2025	   TRANSFER CREDIT---	SWEEP FROM 44424580356                            	 	10,062.00	18,876.99
16 Oct 2025	16 Oct 2025	   TO TRANSFER-UPI/DR/565591274357/shobhama/KKBK/shobhamall/UPI--	TRANSFER TO 4897694162092	15,000.00	 	3,876.99
16 Oct 2025	16 Oct 2025	   TO TRANSFER-UPI/DR/743966406720/SUDARSHA/HDFC/sudarshann/Payme--	TRANSFER TO 4897694162092	791.50	 	3,085.49
17 Oct 2025	17 Oct 2025	   TO TRANSFER-UPI/DR/379823661327/2 hp pet/YESB/Q347348639/Payme--	TRANSFER TO 4897695162091	420.00	 	2,665.49
19 Oct 2025	19 Oct 2025	   TO TRANSFER-UPI/DR/765023612289/VOLETI V/KKBK/ramavoleti/Payme--	TRANSFER TO 4897690162095	500.00	 	2,165.49
20 Oct 2025	20 Oct 2025	   TO TRANSFER-UPI/DR/310503147151/SUDARSHA/HDFC/sudarshann/Payme--	TRANSFER TO 4897691162095	715.50	 	1,449.99
22 Oct 2025	22 Oct 2025	   TO TRANSFER-UPI/DR/383437236134/BASAVA S/UBIN/9491039288/Payme--	TRANSFER TO 4897693162093	1,100.00	 	349.99
22 Oct 2025	22 Oct 2025	   BY TRANSFER-IMPS/529516578056/hsb-XX001-CAMS/870701069--	TRANSFER FROM 4698313162099	 	1.00	350.99
22 Oct 2025	22 Oct 2025	   TO TRANSFER-UPI/DR/195912115834/JANGITI /YESB/Q169484043/Payme--	TRANSFER TO 4897693162093	150.00	 	200.99
23 Oct 2025	23 Oct 2025	   TRANSFER CREDIT---	SWEEP FROM 44424580356                            	 	5,036.00	5,236.99
23 Oct 2025	23 Oct 2025	   TO TRANSFER-UPI/DR/730765131673/CHINTALA/SBIN/chvkchanti/Payme--	TRANSFER TO 4897694162092	600.00	 	4,636.99
24 Oct 2025	24 Oct 2025	   TO TRANSFER-UPI/DR/101685596240/GANDIKOT/ANDB/8985040226/Payme--	TRANSFER TO 4897695162091	200.00	 	4,436.99
24 Oct 2025	24 Oct 2025	   TO TRANSFER-UPI/DR/440939258260/SUDARSHA/HDFC/sudarshann/Payme--	TRANSFER TO 4897695162091	729.00	 	3,707.99
26 Oct 2025	26 Oct 2025	   TO TRANSFER-UPI/DR/558031108694/Mrs Anwa/YESB/Q495711334/Payme--	TRANSFER TO 4897690162095	940.00	 	2,767.99
30 Oct 2025	30 Oct 2025	   TO TRANSFER-UPI/DR/566966424070/shobhama/KKBK/shobhamall/UPI--	TRANSFER TO 4897694162092	2,000.00	 	767.99
30 Oct 2025	30 Oct 2025	   BY TRANSFER-NEFT*RBIS0GOAPEP*RBISH00101230718*Andhra Pradesh T--	TRANSFER FROM 99509044300	 	16,537.00	17,304.99
30 Oct 2025	30 Oct 2025	   BY TRANSFER-NEFT*RBIS0GOAPEP*RBISH00101230720*Andhra Pradesh T--	TRANSFER FROM 99509044300	 	7,381.00	24,685.99
30 Oct 2025	30 Oct 2025	   BY TRANSFER-NEFT*RBIS0GOAPEP*RBISH00101230719*Andhra Pradesh T--	TRANSFER FROM 99509044300	 	14,274.00	38,959.99
31 Oct 2025	31 Oct 2025	   TO TRANSFER-UPI/DR/567058289633/shobhama/KKBK/shobhamall/UPI--	TRANSFER TO 4897695162091	6,000.00	 	32,959.99
1 Nov 2025	1 Nov 2025	   BY TRANSFER-NEFT*RBIS0GOAPEP*RBISH00119152117*Andhra Pradesh T--	TRANSFER FROM 99509044300	 	96,506.00	1,29,465.99
2 Nov 2025	2 Nov 2025	   TO TRANSFER-UPI/DR/456909619273/Sneha Fr/UTIB/gpay-12189/Payme--	TRANSFER TO 4897690162095	480.00	 	1,28,985.99
2 Nov 2025	2 Nov 2025	   DEBIT SWEEP---	SWEEP TO 44608625245	90,000.00	 	38,985.99
4 Nov 2025	4 Nov 2025	   TO TRANSFER-UPI/DR/675867729831/SUDARSHA/HDFC/sudarshann/Payme--	TRANSFER TO 4897692162094	1,003.00	 	37,982.99
4 Nov 2025	4 Nov 2025	   TO TRANSFER-UPI/DR/616911218083/MADETI S/ANDB/9550232901/Payme--	TRANSFER TO 4897692162094	250.00	 	37,732.99
7 Nov 2025	7 Nov 2025	   TO TRANSFER-UPI/DR/075107830470/NISAR AH/YESB/Q632659942/Payme--	TRANSFER TO 4897695162091	300.00	 	37,432.99
7 Nov 2025	7 Nov 2025	   TRANSFER CREDIT---	SWEEP FROM 43498185755                            	 	5,000.00	42,432.99
7 Nov 2025	7 Nov 2025	   TO TRANSFER-UPI/DR/567763215785/shobhama/KKBK/shobhamall/UPI--	TRANSFER TO 4897695162091	40,000.00	 	2,432.99
9 Nov 2025	9 Nov 2025	   TRANSFER CREDIT---	SWEEP FROM 43498185755                            	 	30,000.00	32,432.99
9 Nov 2025	9 Nov 2025	   TO TRANSFER-UPI/DR/291223606165/RUTHVIK /SBIN/9000438439/Payme--	TRANSFER TO 4897690162095	30,000.00	 	2,432.99
10 Nov 2025	10 Nov 2025	   TRANSFER CREDIT---	SWEEP FROM 43498185755                            	 	25,015.00	27,447.99
10 Nov 2025	10 Nov 2025	   DEBIT-ACHDr HDFC01651000012196 HDFC BANK LTD--		26,797.00	 	650.99
10 Nov 2025	10 Nov 2025	   TRANSFER CREDIT---	SWEEP FROM 43498185755                            	 	23,866.00	24,516.99
10 Nov 2025	10 Nov 2025	   TO TRANSFER-UPI/DR/514921246401/PhonePe/UTIB/bbpsbp@axl/Paymen--	TRANSFER TO 4897691162095	17,001.40	 	7,515.59
11 Nov 2025	11 Nov 2025	   TO TRANSFER-UPI/DR/868237614612/VIJETHA /UTIB/amznplvije/Payme--	TRANSFER TO 4897692162094	145.00	 	7,370.59
12 Nov 2025	12 Nov 2025	   TO TRANSFER-UPI/DR/218817165010/Mr  MANG/FDRL/BHARATPE.9/Pay t--	TRANSFER TO 4897693162093	300.00	 	7,070.59
13 Nov 2025	13 Nov 2025	   TO TRANSFER-UPI/DR/992392061803/4th Gang/YESB/Q243384517/Payme--	TRANSFER TO 4897694162092	1,000.00	 	6,070.59
13 Nov 2025	13 Nov 2025	   TO TRANSFER-UPI/DR/506368950392/CHINTALA/SBIN/chvkchanti/Payme--	TRANSFER TO 4897694162092	800.00	 	5,270.59
15 Nov 2025	15 Nov 2025	   TO TRANSFER-UPI/DR/478949929595/ALLADURG/YESB/Q020631590/Payme--	TRANSFER TO 4897696162090	30.00	 	5,240.59
16 Nov 2025	16 Nov 2025	   TO TRANSFER-UPI/DR/615346118944/2 hp pet/YESB/Q347348639/Payme--	TRANSFER TO 4897690162095	450.00	 	4,790.59
16 Nov 2025	16 Nov 2025	   TO TRANSFER-UPI/DR/245065843429/Mrs Anwa/YESB/Q495711334/Payme--	TRANSFER TO 4897690162095	1,140.00	 	3,650.59
16 Nov 2025	16 Nov 2025	   TO TRANSFER-UPI/DR/959769506600/Sneha Fr/UTIB/gpay-12189/Payme--	TRANSFER TO 4897690162095	310.00	 	3,340.59
16 Nov 2025	16 Nov 2025	   TO TRANSFER-UPI/DR/121121287532/SUDARSHA/HDFC/sudarshann/Payme--	TRANSFER TO 4897690162095	460.00	 	2,880.59
16 Nov 2025	16 Nov 2025	   TO TRANSFER-UPI/DR/364563064565/THREE SI/YESB/paytmqr6p1/Payme--	TRANSFER TO 4897690162095	400.00	 	2,480.59
17 Nov 2025	17 Nov 2025	   TO TRANSFER-UPI/DR/545730881591/CHANDRA /SBIN/eedarachan/Payme--	TRANSFER TO 4897691162095	2,000.00	 	480.59
17 Nov 2025	17 Nov 2025	   TRANSFER CREDIT---	SWEEP FROM 44608625245                            	 	5,006.00	5,486.59
17 Nov 2025	17 Nov 2025	   TO TRANSFER-UPI/DR/132960974590/Ruptub S/UTIB/treeboclub/Payme--	TRANSFER TO 4897691162095	1,317.89	 	4,168.70
18 Nov 2025	18 Nov 2025	   TO TRANSFER-UPI/DR/124932840253/KURVA MA/YESB/BHARATPE09/Payme--	TRANSFER TO 4897692162094	125.00	 	4,043.70
18 Nov 2025	18 Nov 2025	   TO TRANSFER-UPI/DR/207424618204/REHANA  /SBIN/8464815354/Payme--	TRANSFER TO 4897692162094	700.00	 	3,343.70
19 Nov 2025	19 Nov 2025	   TO TRANSFER-UPI/DR/389975781276/Nallapu /YESB/paytmqr134/Payme--	TRANSFER TO 4897693162093	60.00	 	3,283.70
19 Nov 2025	19 Nov 2025	   TO TRANSFER-UPI/DR/534420328491/SANIBOYI/UTIB/9908073689/Payme--	TRANSFER TO 4897693162093	70.00	 	3,213.70
19 Nov 2025	19 Nov 2025	   TO TRANSFER-UPI/DR/655850775104/APSRTC/UTIB/APSRTCOFFL/Payment--	TRANSFER TO 4897693162093	600.00	 	2,613.70
19 Nov 2025	19 Nov 2025	   TO TRANSFER-UPI/DR/437555576167/MUDAVATH/SBIN/mudavathne/Payme--	TRANSFER TO 4897693162093	200.00	 	2,413.70

**This is a computer generated statement and does not require a signature

